% this is the one about Qt
% http://www.ict.nsc.ru/jct/getfile.php?id=1733
@article{легалов2016эволюционное,
  title     = {Эволюционное расширение программ с использованием процедурно-параметрического подхода},
  author    = {Легалов, Александр Иванович and Косов, Павел Владимирович},
  journal   = {Вычислительные технологии},
  volume    = {21},
  number    = {3},
  pages     = {56--69},
  year      = {2016},
  publisher = {Учреждение Российской академии наук {\guillemotleft}Институт вычислительных технологий~…}
}

% http://www.softcraft.ru/ppp/pppfirst/pppfirst.pdf
@article{легалов2000процедурно,
  title   = {Процедурно-параметрическая парадигма программирования. Возможна ли альтернатива объектно-ориентированному стилю},
  author  = {Легалов, АИ},
  journal = {Возможна ли альтернатива объектно-ориентированному стилю},
  year    = {2000}
}

@article{легалов2007применение,
  title   = {Применение обобщенных записей в процедурно-параметрическом языке программирования},
  author  = {Легалов, Игорь Александрович},
  journal = {Научный вестник НГТУ},
  number  = {3},
  pages   = {28},
  year    = {2007}
}

@inproceedings{donev2006interoperability,
  title        = {Interoperability with C in Fortran 2003},
  author       = {Donev, Aleksander},
  booktitle    = {ACM SIGPLAN Fortran Forum},
  volume       = {25},
  number       = {1},
  pages        = {8--12},
  year         = {2006},
  organization = {ACM New York, NY, USA}
}

@book{shafer2012practical,
  title     = {Practical Smalltalk: Using Smalltalk/V},
  author    = {Shafer, Dan and Ritz, Dean A},
  year      = {2012},
  publisher = {Springer Science \& Business Media},
  pages     = {233}
}

@book{hunt2019advanced,
  title     = {Advanced guide to Python 3 programming},
  author    = {Hunt, John},
  year      = {2019},
  publisher = {Springer},
  pages     = {497}
}

@book{diaz2008pro,
  title     = {Pro JavaScript design patterns},
  author    = {Diaz, Dustin and Harmes, Ross},
  year      = {2008},
  publisher = {Apress}
}

% E. Sciore, Java Program Design, Apress Media. 2019, p. 1122.
@book{bookjava,
  title     = {Java Program Design},
  author    = {Edward Sciore},
  year      = {2019},
  pages     = {1122},
  publisher = {Apress}
}

% M. Gregoire, Professional C++, John Wiley & Sons
@book{bookcplusplus,
  title     = {Professional C++},
  author    = {Marc Gregoire},
  year      = {2018},
  edition   = {5th},
  pages     = {1122},
  publisher = {John Wiley \& Sons}
}

% J. Albahari and B. Albahari, C# 6.0 Pocket Reference, O’Reilly Media. 2016, p. 224.
@book{albahari2010c,
  title     = {C\# 4.0 in a Nutshell: The Definitive Reference},
  author    = {Albahari, Joseph and Albahari, Ben},
  year      = {2010},
  publisher = {O'Reilly Media, Inc.},
  pages     = {224}
}

% oberon2
@article{легалов2003процедурный,
  title   = {Процедурный язык с поддержкой эволюционного проектирования},
  author  = {Легалов, Александр Иванович and Швец, Дмитрий Александрович},
  journal = {Научный вестник Новосибирского государственного технического университета},
  number  = {2},
  pages   = {25--38},
  year    = {2003}
}

@inproceedings{llvm,
  title        = {LLVM: A compilation framework for lifelong program analysis \& transformation},
  author       = {Lattner, Chris and Adve, Vikram},
  booktitle    = {International symposium on code generation and optimization, 2004. CGO 2004.},
  pages        = {75--86},
  year         = {2004},
  organization = {IEEE}
}

@online{LibTooling,
  title    = {{Clang} LibTooling},
  url      = {https://clang.llvm.org/docs/LibTooling.html},
  language = {english},
  media    = {eresource},
  urldate  = {2023-02-22}
}

@online{bellard2003tcc,
  title    = {Tcc: Tiny C compiler},
  author   = {Bellard, Fabrice},
  url      = {https://bellard.org/tcc/},
  language = {english},
  media    = {eresource},
  urldate  = {2023-04-21},
  year     = {2003}
}

@article{wall2004basicgcc,
  title     = {Basic gcc usage},
  author    = {Wall, Kurt and Von Hagen, William and Wall, Kurt and Von Hagen, William},
  journal   = {The Definitive Guide to GCC},
  pages     = {59--99},
  year      = {2004},
  publisher = {Springer}
}

@misc{gostTZ,
  author    = {{ГОСТ 19.201-78}},
  title     = {ЕСПД. Техническое задание. Требования к содержанию и оформлению},
  year      = {2001},
  publisher = {ИПК Издательство стандартов},
  address   = {Москва}
}

@misc{gostPMI,
  author    = {{ГОСТ 19.301-79}},
  title     = {ЕСПД. Программа и методика испытаний. Требования к содержанию и оформлению},
  year      = {2001},
  publisher = {ИПК Издательство стандартов},
  address   = {Москва}
}

@misc{gostTP,
  author    = {{ГОСТ 19.401-78}},
  title     = {ЕСПД. Текст программы. Требования к содержанию и оформлению},
  year      = {2001},
  publisher = {ИПК Издательство стандартов},
  address   = {Москва}
}

@misc{gostPZ,
  author    = {{ГОСТ 19.404-79}},
  title     = {ЕСПД. Пояснительная записка. Требования к содержанию и оформлению},
  year      = {2001},
  publisher = {ИПК Издательство стандартов},
  address   = {Москва}
}

@misc{gostRO,
  author    = {{ГОСТ 19.505-79}},
  title     = {ЕСПД. Руководство оператора. Требования к содержанию и оформлению},
  year      = {2001},
  publisher = {ИПК Издательство стандартов},
  address   = {Москва}
}

@inproceedings{bissyande2013popularity,
  title        = {Popularity, interoperability, and impact of programming languages in 100,000 open source projects},
  author       = {Bissyand{\'e}, Tegawend{\'e} F and Thung, Ferdian and Lo, David and Jiang, Lingxiao and R{\'e}veillere, Laurent},
  booktitle    = {2013 IEEE 37th annual computer software and applications conference},
  pages        = {303--312},
  year         = {2013},
  organization = {IEEE}
}

% L. Demichiel, <<Overview: The common lisp object system>>, Lisp and Symbolic Computation, no. 1, pp. 227--244, 1989.
@article{demichiel1989overview,
  title     = {Overview: the common lisp object system},
  author    = {Demichiel, Linda G},
  journal   = {Lisp and Symbolic Computation},
  volume    = {1},
  number    = {3-4},
  pages     = {227--244},
  year      = {1989},
  publisher = {Springer}
}

@online{qtUsingMetaObject,
  title    = {{U}sing the {M}eta-{O}bject {C}ompiler (moc) | {Q}t 6.5 --- doc.qt.io},
  url      = {https://doc.qt.io/qt-6/moc.html},
  language = {english},
  media    = {eresource},
  urldate  = {2023-05-06},
  year     = {2021}
}

@online{qtUsingMetaObject,
  title    = {{U}sing the {M}eta-{O}bject {C}ompiler (moc) | {Q}t 6.5 --- doc.qt.io},
  url      = {https://doc.qt.io/qt-6/moc.html},
  language = {english},
  media    = {eresource},
  urldate  = {2023-05-06},
  year     = {2021}
}

@online{sublimetextSyntaxDefinitions,
  title    = {{S}yntax {D}efinitions --- sublimetext.com},
  url      = {https://www.sublimetext.com/docs/syntax.html},
  language = {english},
  media    = {eresource},
  urldate  = {2023-05-10},
  year     = {2020}
}

@online{llvmAddressSanitizerx2014,
  title    = {{A}ddress{S}anitizer; {C}lang documentation --- clang.llvm.org},
  url      = {https://clang.llvm.org/docs/AddressSanitizer.html},
  language = {english},
  media    = {eresource},
  urldate  = {2023-05-14},
  year     = {2014}
}

@article{легалов2023расширение,
  title   = {Расширение языка C для поддержки процедурно-параметрического полиморфизма},
  author  = {Легалов, Александр Иванович and Косов, Павел Владимирович},
  journal = {Моделирование и анализ информационных систем},
  volume  = {30},
  number  = {1},
  pages   = {40--62},
  doi     = {10.18255/1818-1015-2023-1-40-62},
  year    = {2023}
}
